
@article{Art70,
  title={Algebraization of formal moduli: II. Existence of modifications},
  author={Artin, Michael},
  journal={Annals of Mathematics},
  volume={91},
  number={1},
  pages={88--135},
  year={1970},
  publisher={JSTOR}
}

@article{BDPP12,
  title={The pseudo-effective cone of a compact K{\"a}hler manifold and varieties of negative Kodaira dimension},
  author={Boucksom, S{\'e}bastien and Demailly, Jean-Pierre and P{\u{a}}un, Mihai and Peternell, Thomas},
  journal={Journal of Algebraic Geometry},
  volume={22},
  number={2},
  pages={201--248},
  year={2012},
  publisher={American Mathematical Society (AMS)},
  label = {BDPP},
}

@book {Deb01,
    AUTHOR = {Debarre, Olivier},
     TITLE = {Higher-dimensional algebraic geometry},
    SERIES = {Universitext},
 PUBLISHER = {Springer-Verlag, New York},
      YEAR = {2001},
     PAGES = {xiv+233},
      ISBN = {0-387-95227-6},
   MRCLASS = {14-02 (14E30 14Jxx)},
  MRNUMBER = {1841091},
MRREVIEWER = {Mark\ Gross},
       DOI = {10.1007/978-1-4757-5406-3},
       URL = {https://doi.org/10.1007/978-1-4757-5406-3},
}

@article{DLOZ22,
  title={Zero entropy automorphisms of compact K{\"a}hler manifolds and dynamical filtrations},
  author={Dinh, Tien-Cuong and Lin, Hsueh-Yung and Oguiso, Keiji and Zhang, De-Qi},
  journal={Geometric and Functional Analysis},
  volume={32},
  number={3},
  pages={568--594},
  year={2022},
  publisher={Springer},
  label = {DLOZ},
}

@article{DS04,
  title={Groupes commutatifs d'automorphismes d'une vari{\'e}t{\'e} k{\"a}hl{\'e}rienne compacte},
  author={Dinh, Tien-Cuong and Sibony, Nessim},
  year={2004}
}

@book {FGA05,
    AUTHOR = {Fantechi, Barbara and G\"ottsche, Lothar and Illusie, Luc and
              Kleiman, Steven L. and Nitsure, Nitin and Vistoli, Angelo},
     TITLE = {Fundamental algebraic geometry},
    SERIES = {Mathematical Surveys and Monographs},
    VOLUME = {123},
      NOTE = {Grothendieck's FGA explained},
 PUBLISHER = {American Mathematical Society, Providence, RI},
      YEAR = {2005},
     PAGES = {x+339},
      ISBN = {0-8218-3541-6},
   MRCLASS = {14-06 (14A15 14D15 14F20)},
  MRNUMBER = {2222646},
MRREVIEWER = {Liam\ O'Carroll},
       DOI = {10.1090/surv/123},
       URL = {https://doi.org/10.1090/surv/123},
     label = {FGA},
}

@book {Har77,
    AUTHOR = {Hartshorne, Robin},
     TITLE = {Algebraic geometry},
    SERIES = {Graduate Texts in Mathematics},
    VOLUME = {No. 52},
 PUBLISHER = {Springer-Verlag, New York-Heidelberg},
      YEAR = {1977},
     PAGES = {xvi+496},
      ISBN = {0-387-90244-9},
   MRCLASS = {14-01},
  MRNUMBER = {463157},
MRREVIEWER = {Robert\ Speiser},
}

@article{Hum80,
  title={Introduction to Lie algebras and representation theory},
  author={Humphreys, JE},
  journal={Graduate texts in mathematics},
  number={9},
  year={1980},
  publisher={New York [etc.]: Springer}
}

@article{Kaw91,
  title={On the length of an extremal rational curve},
  author={Kawamata, Yujiro},
  journal={Inventiones mathematicae},
  volume={105},
  number={1},
  pages={609--611},
  year={1991},
  publisher={Springer}
}

@article{Kee99,
  title={Basepoint freeness for nef and big line bundles in positive characteristic},
  author={Keel, Se{\'a}n},
  journal={Annals of Mathematics},
  pages={253--286},
  year={1999},
  publisher={JSTOR}
}

@book {KM98,
    AUTHOR = {Koll\'ar, J\'anos and Mori, Shigefumi},
     TITLE = {Birational geometry of algebraic varieties},
    SERIES = {Cambridge Tracts in Mathematics},
    VOLUME = {134},
      NOTE = {With the collaboration of C. H. Clemens and A. Corti,
              Translated from the 1998 Japanese original},
 PUBLISHER = {Cambridge University Press, Cambridge},
      YEAR = {1998},
     PAGES = {viii+254},
      ISBN = {0-521-63277-3},
   MRCLASS = {14E30},
  MRNUMBER = {1658959},
MRREVIEWER = {Mark\ Gross},
       DOI = {10.1017/CBO9780511662560},
       URL = {https://doi.org/10.1017/CBO9780511662560},
}

@book{Kol96,
    author = {Kollár, János},
    title = {Rational Curves on Algebraic Varieties},
    publisher = {Springer-Verlag},
    address = {Berlin, Heidelberg},
    year = {1996},
    series = {Ergebnisse der Mathematik und ihrer Grenzgebiete. 3. Folge / A Series of Modern Surveys in Mathematics},
    volume = {32},
    pages = {320},
    isbn = {978-3-540-60168-5},
    doi = {10.1007/978-3-662-03276-3},
    url = {https://doi.org/10.1007/978-3-662-03276-3}
}

@book{Knu71,
  author    = {Donald Knutson},
  title     = {Algebraic Spaces},
  series    = {Lecture Notes in Mathematics},
  volume    = {203},
  publisher = {Springer-Verlag},
  year      = {1971},
  address   = {Berlin, Heidelberg, New York},
  isbn      = {978-3-540-05496-2}
}

@book {Laz04a,
    AUTHOR = {Lazarsfeld, Robert},
     TITLE = {Positivity in algebraic geometry. {I}},
    SERIES = {Ergebnisse der Mathematik und ihrer Grenzgebiete. 3. Folge. A
              Series of Modern Surveys in Mathematics [Results in
              Mathematics and Related Areas. 3rd Series. A Series of Modern
              Surveys in Mathematics]},
    VOLUME = {48},
      NOTE = {Classical setting: line bundles and linear series},
 PUBLISHER = {Springer-Verlag, Berlin},
      YEAR = {2004},
     PAGES = {xviii+387},
      ISBN = {3-540-22533-1},
   MRCLASS = {14-02 (14C20)},
  MRNUMBER = {2095471},
MRREVIEWER = {Mihnea\ Popa},
       DOI = {10.1007/978-3-642-18808-4},
       URL = {https://doi.org/10.1007/978-3-642-18808-4},
}

@book {Laz04b,
    AUTHOR = {Lazarsfeld, Robert},
     TITLE = {Positivity in algebraic geometry. {II}},
    SERIES = {Ergebnisse der Mathematik und ihrer Grenzgebiete. 3. Folge. A
              Series of Modern Surveys in Mathematics [Results in
              Mathematics and Related Areas. 3rd Series. A Series of Modern
              Surveys in Mathematics]},
    VOLUME = {49},
      NOTE = {Positivity for vector bundles, and multiplier ideals},
 PUBLISHER = {Springer-Verlag, Berlin},
      YEAR = {2004},
     PAGES = {xviii+385},
      ISBN = {3-540-22534-X},
   MRCLASS = {14-02 (14C20 14F05 14F17)},
  MRNUMBER = {2095472},
MRREVIEWER = {Mihnea\ Popa},
       DOI = {10.1007/978-3-642-18808-4},
       URL = {https://doi.org/10.1007/978-3-642-18808-4},
}

@book{Mat70,
  title={Commutative algebra},
  author={Matsumura, Hideyuki},
  volume={120},
  year={1970},
  publisher={WA Benjamin New York}
}

@book{Mat89,
  title={Commutative ring theory},
  author={Matsumura, Hideyuki},
  number={8},
  year={1989},
  publisher={Cambridge university press}
}

@article{Mar71,
  title={On automorphism groups of ruled surfaces},
  author={Maruyama, Masaki},
  journal={Journal of Mathematics of Kyoto University},
  volume={11},
  number={1},
  pages={89--112},
  year={1971},
  publisher={Duke University Press}
}

@article{MM86,
  title={A numerical criterion for uniruledness},
  author={Miyaoka, Yoichi and Mori, Shigefumi},
  journal={Annals of Mathematics},
  volume={124},
  number={1},
  pages={65--69},
  year={1986},
  publisher={JSTOR}
}

@article {MZ18,
    AUTHOR = {Meng, Sheng and Zhang, De-Qi},
     TITLE = {Building blocks of polarized endomorphisms of normal
              projective varieties},
   JOURNAL = {Adv. Math.},
  FJOURNAL = {Advances in Mathematics},
    VOLUME = {325},
      YEAR = {2018},
     PAGES = {243--273},
      ISSN = {0001-8708,1090-2082},
   MRCLASS = {14E30 (08A35 32H50)},
  MRNUMBER = {3742591},
MRREVIEWER = {Jesus\ Martinez-Garcia},
       DOI = {10.1016/j.aim.2017.11.026},
       URL = {https://doi.org/10.1016/j.aim.2017.11.026},
}

@misc{Stacks,
    author = {Authors, The Stacks Project},
    title = {Stacks Project},
    url = {https://stacks.math.columbia.edu/},
    label   = {Stacks}
}

@unpublished {Xie25,
	title = {Numerical action for endomorphisms},
	year = {2025},
	note = {arXiv:2502.04779},
	url = {http://scholar.pku.edu.cn/sites/default/files/xiejunyi/files/amplifiedandchendo20250314_-_web.pdf},
	author = {Junyi Xie}
}
